@book{ImageProcessingTutorial,
    author    = {"Burnell, J. and Berry, R."},
    title     = {"The Handbook of Astronomical Image Processing"},
    year      = {"2000"},
    publisher = {"Willmann-Bell, 2005, ISBN: 9780943396828, Pages: 635-642"},
    address   = {"Richmond, Virginia"},
    edition = {2th},
} 

@book{ImageProcessing,
    author    = {"Burnell, J. and Berry, R."},
    title     = {"The Handbook of Astronomical Image Processing"},
    year      = {"2000"},
    publisher = {"Willmann-Bell, 2005, ISBN: 9780943396828, Pages: 271-303"},
    address   = {"Richmond, Virginia"},
    edition = {2th},
} 

@misc{Photometry,
    author    = {"Editors of Encyclopaedia Britannica"},
    title     = {"Photometry"},
    url       = {"https://www.britannica.com/science/photometry-astronomy"},
    year = {"2019"},
}

@misc{RPN,
    author    = {"Pederzoli, L"},
    title     = {"THE MEGALITH BUILDERS - Psychic archaeology and the Nuragic civilization"},
    url       = {"https://www.researchgate.net/figure/Diagram-showing-revolution-rotation-precession-and-nutation-of-the-Earth_fig29_317264700"},
    year = {"2011"},
}

@misc{CarNeb,
    title     = {"The Carina Nebula"},
    url       = {"http://astro.kent.ac.uk/~sl1/PH512/CarinaNebula/"},
    year = {"2020"},
}


@ARTICLE{Smith:2013jd,
	author = {Jones, A.~B. and Smith, J.~M.},
	title = {{A}rticle {T}itle},
	journal = {Journal title},
	year = {2013},
	volume = {13},
	pages = {123-456},
	number = {52},
	month = {March},
	publisher = {Publisher}
}